@article{pix4dcapture,
    author = {{Strona dokumentacji produktu PIX4D}},
    url = "https://support.pix4d.com/hc/en-us/articles/360026502631",
    urldate = "2025-03-31"
}

@article{pix4dcapture_supported,
    author = {{Supported drones, cameras and controllers - PIX4Dcapture}},
    url = "https://support.pix4d.com/hc/en-us/articles/203991609",
    urldate = "2025-05-23"
}

@article{pix4d_missions,
    author = {{Types of mission / Which type of mission to choose - PIX4Dcapture}},
    url = "https://support.pix4d.com/hc/en-us/articles/209960726",
    urldate = "2025-05-23"
}

@article{dronelink,
    author = {{Strona pomocy aplikacji Dronelink}},
    url = "https://support.dronelink.com/hc/en-us/categories/360001874574-General",
    urldate = "2025-06-26"
}

@article{dronelink_supported,
    author = {{Lista dron√≥w wspieranych przez Dronelink}},
    url = "https://www.dronelink.com/supported-drones",
    urldate = "2025-06-26"
}

@article{comparing_edge_detection,
    author = "Hasan Ihsan Turhan",
    title = "Comparing color edge detection techniques",
    journal = "Middle East Technical University",
    year = "2012"
}

@article{path_planning_uav,
    author = {{S. Moon, D. H. Shim}},
    title = "Study on Path Planning Algorithms for Unmanned
Agricultural Helicopters in Complex Environment",
    journal = "J. of Aeronautical \& Space Science",
    year = "2009"
}

@phdthesis{roberts,
    author = "Lawrence Roberts",
    title = "Machine perception of three-dimensional solids",
    school = "Massachusetts Institute of Technology",
    year = "1963"
}

@conference{sobel_feldman,
    author = {Sobel, Irwin and Feldman, Gary},
    booktitle = "Stanford Artificial Intelligence Project",
    title = {An Isotropic 3x3 Image Gradient Operator},
    year = {1968}
}

@article{prewitt,
    author = {J. M. S. Prewitt},
    title = {"Object enhancement and extraction"},
    journal = {"New York: Academic Press"},
    year = {1970}
}

@article{survey_on_edge_detection,
title = {A Survey on Various Edge Detection Techniques in Image Processing and Applied Disease Detection A Survey on Various Edge Detection Techniques in Image Processing and Applied Disease Detection},
volume = {9},
year = {2024},
author = {Wan Muhammad Rahimi Wan Fadzli and Ahmad Yusri Dak and Tajul Rosli Razak},
issn = {2600-8793},
journal = {Journal of Computing Research and Innovation}
}

@article{raman_et_al_study_and_comparison,
author = {Raman, Maini and Aggarwal, Himanshu},
year = {2009},
month = {03},
title = {Study and Comparison of Various Image Edge Detection Techniques},
volume = {3},
journal = {International Journal of Image Processing}
}